<?xml version="1.0" encoding="UTF-8"?><collection xmlns="http://www.loc.gov/MARC21/slim"><record><leader>00386nam--2200133-i-4500</leader><controlfield tag="001">000029451</controlfield><controlfield tag="002">20161230</controlfield><controlfield tag="005">20161230201037</controlfield><controlfield tag="008">060222s1000------------r-----000-0-eng-d</controlfield><datafield ind1=" " ind2=" " tag="100"><subfield code="a">Lichnerowicz, Andre</subfield></datafield><datafield ind1=" " ind2=" " tag="245"><subfield code="a">Theorie globale des connexions et des groupes d`holonomie</subfield></datafield><datafield ind1=" " ind2=" " tag="260"><subfield code="a">Roma, Edizioni Cremonese, 1955. 282p</subfield></datafield><datafield ind1=" " ind2=" " tag="490"><subfield code="a">Travaux Et Recherches Mathematiques</subfield></datafield><datafield ind1=" " ind2=" " tag="852"><subfield code="a">13953</subfield></datafield></record></collection>